@article{wujianduxuexi,
	title={机器学习之无监督学习译义},
	author={Martin  Heller  编译  Charles},
	journal={计算机世界},
	number={7},
}
@inproceedings{Nooritawati2009A,
	title={A machine learning approach for posture recognition based on simplified shock graph},
	author={Nooritawati Md Tahir and Aini Hussain and Salina Abdul Samad and Hafizah Husain},
	year={2009},
}
@article{SchulzDeep,
	title={Deep Learning},
	author={Schulz, Hannes and Behnke, Sven},
	journal={KI - Künstliche Intelligenz},
	volume={26},
	number={4},
	pages={357-363},
}
@article{shenduxuexi,
	title={深度学习},
	author={袁冰清 and 张杰 and 王岩松},
	journal={字通信世界},
	pages={36-37},
}
@article{zongshu,
	title={关于深度学习的综述与讨论},
	author={胡越 and 罗东阳 and 花奎 and 路海明 and 张学工},
	journal={智能系统学报},
	pages={1-19},
	year={2019}
}
@article{YangA,
	title={A classification model of railway fasteners based on computer vision},
	author={Yang Ou and Jianqiao Luo and Bailin Li and Biao He},
	journal={Neural Computing and Applications},
}